<record><leader>00000cas a2200000 a 4500</leader><controlfield tag="001">81964947</controlfield><controlfield tag="008">070205d18911917iludr ne      0   a0eng c</controlfield><datafield ind1=" " ind2=" " tag="010"><subfield code="a">sn2006061021</subfield></datafield><datafield ind1=" " ind2=" " tag="040"><subfield code="a">NVF</subfield><subfield code="b">eng</subfield><subfield code="c">NVF</subfield><subfield code="d">NVF</subfield><subfield code="d">OCLCF</subfield><subfield code="d">OCLCO</subfield><subfield code="d">OCLCA</subfield></datafield><datafield ind1="1" ind2=" " tag="029"><subfield code="a">AU@</subfield><subfield code="b">000041263214</subfield></datafield><datafield ind1=" " ind2=" " tag="042"><subfield code="a">pcc</subfield></datafield><datafield ind1=" " ind2=" " tag="043"><subfield code="a">n-us-il</subfield></datafield><datafield ind1="0" ind2=" " tag="130"><subfield code="a">Decatur daily review (Decatur, Ill. : 1891)</subfield></datafield><datafield ind1="1" ind2="0" tag="245"><subfield code="a">Decatur daily review</subfield></datafield><datafield ind1="1" ind2=" " tag="246"><subfield code="i">Published on Sundays as:</subfield><subfield code="a">Sunday review</subfield><subfield code="f">Aug. 27, 1899-June 26, 1917.</subfield></datafield><datafield ind1=" " ind2=" " tag="260"><subfield code="a">Decatur, Ill. :</subfield><subfield code="b">Review Pub. Co.,</subfield><subfield code="c">1891-1917.</subfield></datafield><datafield ind1=" " ind2=" " tag="300"><subfield code="a">v.</subfield></datafield><datafield ind1=" " ind2=" " tag="310"><subfield code="a">Daily,</subfield><subfield code="b">Aug. 27, 1899-June 26, 1917</subfield></datafield><datafield ind1=" " ind2=" " tag="321"><subfield code="a">Daily (except Monday),</subfield><subfield code="b">Nov. 16, 1891-Aug. 26, 1899</subfield></datafield><datafield ind1="0" ind2=" " tag="362"><subfield code="a">Vol. 13, no. 281 (Nov. 16, 1891)-v. 23, no. 24 (Jan. 24, 1901) ; [new ser.] 23rd year, no. 25 (Jan. 25, 1901)-39th year, no. 177 (June 26, 1917).</subfield></datafield><datafield ind1=" " ind2=" " tag="515"><subfield code="a">Continues the numbering of Morning review (Decatur, Ill. : 1888).</subfield></datafield><datafield ind1=" " ind2="0" tag="651"><subfield code="a">Decatur (Ill.)</subfield><subfield code="v">Newspapers.</subfield></datafield><datafield ind1=" " ind2="7" tag="655"><subfield code="a">Newspapers.</subfield><subfield code="2">fast</subfield><subfield code="0">(OCoLC)fst01423814</subfield></datafield><datafield ind1=" " ind2="7" tag="651"><subfield code="a">Illinois</subfield><subfield code="z">Decatur.</subfield><subfield code="2">fast</subfield><subfield code="0">(OCoLC)fst01208165</subfield></datafield><datafield ind1=" " ind2=" " tag="752"><subfield code="a">United States</subfield><subfield code="b">Illinois</subfield><subfield code="c">Macon</subfield><subfield code="d">Decatur.</subfield></datafield><datafield ind1="0" ind2="5" tag="780"><subfield code="t">Daily Republican (Decatur, Ill. : 1894)</subfield><subfield code="w">(DLC)sn 90054695</subfield><subfield code="w">(OCoLC)22713902</subfield></datafield><datafield ind1="0" ind2="0" tag="780"><subfield code="t">Morning review (Decatur, Ill. : 1888)</subfield><subfield code="w">(DCL)sn2007061001</subfield><subfield code="w">(OCoLC)77740146</subfield></datafield><datafield ind1="0" ind2="0" tag="785"><subfield code="t">Decatur review</subfield><subfield code="w">(DCL)sn 90054699</subfield><subfield code="w">(OCoLC)22714324</subfield></datafield></record>